@misc{Astm-2015,
    author = {ASTM D3180-15},
    title = {Standard Practice for Calculating Coal and Coke Analyses from As-Determined to Different Bases},
    organization = {ASTM International},
    location = {West Conshohocken, PA},
    year = {2015}
}

@misc{Cantera-2018,
    author = {David G. Goodwin and Raymond L. Speth and Harry K. Moffat and Bryan W. Weber},
    title = {{Cantera: An Object-oriented Software Toolkit for Chemical Kinetics, Thermodynamics, and Transport Processes}},
    month = {August},
    year = 2018,
    publisher = {Zenodo},
    version = {2.4.0},
    doi = {10.5281/zenodo.1174508},
    url = {https://doi.org/10.5281/zenodo.1174508}
}

@article{Debiagi-2015,
    author = {Paulo Eduardo Amaral Debiagi and Chiara Pecchi and Giancarlo Gentile and Alessio Frassoldati and Alberto Cuoci and Tiziano Faravelli and Eliseo Ranzi},
    title = {Extractives Extend the Applicability of Multistep Kinetic Scheme of Biomass Pyrolysis},
    journal = {Energy \& Fuels},
    volume = {29},
    number = {10},
    pages = {6544-6555},
    year = {2015}
}

@article{Debiagi-2018,
    author = {P. Debiagi and G. Gentile and A. Cuoci and A. Frassoldati and E. Ranzi and T. Faravelli},
    title = {A predictive model of biochar formation and characterization},
    journal = {Journal of Analytical and Applied Pyrolysis},
    pages = {326-335},
    volume = {134},
    year = {2018}
}

@misc{French-2019,
    author = {Richard French and Kristiina Iisa},
    title = {Personal discussions and email correspondence},
    organization = {NREL},
    month = {April},
    year = {2019}
}

@misc{Netl-2021,
    author = {William A. Rogers},
    organization = {National Energy Technology Laboratory},
    howpublished = {Email correspondence},
    month = {May},
    year = {2021}
}

@article{Scipy-2020,
    author = {Pauli Virtanen and Ralf Gommers and Travis E. Oliphant and Matt Haberland and Tyler Reddy and David Cournapeau, and Evgeni Burovski and Pearu Peterson and Warren Weckesser and Jonathan Bright and St{\'e}fan J. {van der Walt} and Matthew Brett and Joshua Wilson and K. Jarrod Millman and Nikolay Mayorov and Andrew R.J. Nelson and Eric Jones and Robert Kern and Eric Larson and C.J. Carey and {\.I}lhan Polat and Yu Feng and Eric W. Moore and Jake VanderPlas and Denis Laxalde and Josef Perktold and Robert Cimrman and Ian Henriksen and E.A. Quintero and Charles R. Harris and Anne M. Archibald and Ant{\^o}nio H. Ribeiro and Fabian Pedregosa and Paul {van Mulbregt} and SciPy 1.0 Contributors},
    title = {SciPy 1.0: Fundamental Algorithms for Scientific Computing in Python},
    journal = {Nature Methods},
    year = {2020},
    volume = {17},
    pages = {261-272}
}
